@ARTICLE{bowman:reasoning,
	AUTHOR = "Mic Bowman and Saumya K. Debray and Larry L. Peterson",
	TITLE = "Reasoning About Naming Systems",
	JOURNAL = "ACM Trans. Program. Lang. Syst.",
	VOLUME = {15},
	NUMBER = {5},
	PAGES = {795-825},
	MONTH = "November",
	YEAR = {1993}	}

@ARTICLE{braams:babel,
	AUTHOR = "Johannes Braams",
	TITLE = "Babel, a Multilingual Style-Option System for Use with LaTeX's Standard Document Styles",
	JOURNAL = {TUGboat},
	VOLUME = {12},
	NUMBER = {2},
	PAGES = {291-301},
	MONTH = "June",
	YEAR = {1991}	}

@INPROCEEDINGS{clark:pct,
	AUTHOR = "Malcolm Clark",
	TITLE = "Post Congress Tristesse",
	BOOKTITLE = "TeX90 Conference Proceedings",
	PAGES = "84-89",
	ORGANIZATION = "TeX Users Group",
	MONTH = "March", 
	YEAR = {1991}	}

@ARTICLE{herlihy:methodology,
	AUTHOR = "Maurice Herlihy",
	TITLE = "A Methodology for Implementing Highly Concurrent
	Data Objects",
	JOURNAL = {ACM Trans. Program. Lang. Syst.},
	VOLUME = {15},
	NUMBER = {5},
	PAGES = {745-770},
	MONTH = "November",
	YEAR = {1993}	}

@BOOK{Lamport:LaTeX,
	AUTHOR = "Leslie Lamport",
	TITLE = "LaTeX User's Guide and Document Reference Manual",
	PUBLISHER = "Addison-Wesley Publishing Company",
	ADDRESS = "Reading, Massachusetts",
	YEAR = "1986"	}

@BOOK{salas:calculus,
	AUTHOR = "S.L. Salas and Einar Hille",
	TITLE = "Calculus: One and Several Variable",
	PUBLISHER = "John Wiley and Sons",
	ADDRESS = "New York",
	YEAR = "1978"	}



@inproceedings{patwary15,
author = {Md. Mostofa Ali Patwary and Nadathur Rajagopalan Satish and
    Narayanan Sundaram and Michael J Anderson and Satya
        Gautam Vadlamudi and  Dipankar Das and  Pradeep Dubey},
title = {{Parallel Efficient Sparse Matrix-Matrix Multiplication on Multicore Platforms}},
booktitle = {International SuperComputing Conference},
pages = {48--57},
year={2015}
}



@inproceedings{ballard13,
author    = {Grey Ballard and Aydin Bulu{\c{c}} and James Demmel and Laura Grigori and Benjamin Lipshitz and Oded Schwartz and Sivan Toledo},
title     = {Communication optimal parallel multiplication of sparse random matrices}, 
booktitle = {25th {ACM} Symposium on Parallelism in Algorithms and Architectures, {SPAA}},
pages     = {222--231},
year      = {2013}
}


@misc{intel1,
 title = {{Intel Intrinsics Guide}},
 key = {intel},
 howpublished =
 {software.intel.com/sites/landingpage/IntrinsicsGuide/},
 year={2008}
}


@article{intel2,
author    = {Intel},
title     = {{Intel Advanced Vector Extensions Programming Reference}},
journal   = {White paper},
month     = {June},
year      = {2011}
}

@article{DMM08,
  author = {Drineas, P. and Mahoney, M. W. and Muthukrishnan, S.},
  journal = {SIAM J. Matrix Analysis Applications},
  number = 2,
  pages = {844-881},
  title = {Relative-Error CUR Matrix Decompositions.},
  volume = 30,
  year = 2008
}

@ARTICLE{DMMW12_JMLR,
  author =       {P. Drineas and M. Magdon-Ismail and M. W. Mahoney and D. P. Woodruff},
  title =        {Fast approximation of matrix coherence and statistical leverage},
  journal =      {Journal of Machine Learning Research},
  year =         {2012},
  volume =       {13},
  number =       {},
  pages =        {3475--3506},
}

@article{HMT11,
  author = {Halko, N. and Martinsson, P. and Tropp, J.},
  journal = {SIAM Review},
  keywords = {PCA computation randomized_algorithm},
  number = 2,
  pages = {217-288},
  timestamp = {2012-08-05T19:40:48.000+0200},
  title = {Finding Structure with Randomness: Probabilistic Algorithms for Constructing Approximate Matrix Decompositions},
  volume = 53,
  year = 2011
}



